@article{Kocan:2015dc,
author = {Ko{\v c}an, M and Pitts, R A and Arnoux, G and Balboa, I and de Vries, P C and Dejarnac, R and Furno, I and Goldston, R J and Gribov, Y and Hora{\v c}ek, J and Komm, M and Labit, B and LaBombard, B and Lasnier, C J and Mitteau, R and Nespoli, F and Pace, D and Panek, R and Stangeby, P C and Terry, J L and Tsui, C and Vondracek, P},
title = {{Impact of a narrow limiter SOL heat flux channel on the ITER first wall panel shaping}},
journal = {Nucl. Fus.},
year = {2015},
volume = {55},
number = {3},
pages = {033019}
}


@article{Vianello:2017ku,
author = {Vianello, Nicola and Tsui, Cedric Kar-Wai Kar-Wai and Theiler, Christian and Allan, Scott and Boedo, Jose A and Labit, Benoit and Reimerdes, Holger and Verhaegh, Kevin and Vijvers, W A J and Walkden, Nicholas and Costea, Stefan and Kova{\v c}i{\v c}, Jernej and Ionita, Codrina and Naulin, Volker and Nielsen, Anders and Rasmussen, Jens Juul and Schneider, Bernd Sebastian and Schrittwieser, Roman and Spolaore, Monica and Carralero, Daniel and Madsen, Jens and Lipschultz, Bruce and Militello, Fulvio},
title = {{Modification of SOL profiles and fluctuations with line-average density and divertor flux expansion in TCV}},
journal = {Nucl. Fusion},
year = {2017},
volume = {57},
number = {11},
pages = {116014}
}

@article{Carralero:2017gb,
author = {Carralero, D and Siccinio, M and Komm, M and Artene, S A and D{\textquoteright}Isa, F A and Adamek, J and Aho-Mantila, L and Birkenmeier, G and Brix, M and Fuchert, G and Groth, M and Lunt, T and Manz, P and Madsen, J and Marsen, S and M{\"u}ller, H W and Stroth, U and Sun, H J and Vianello, N and Wischmeier, M and Wolfrum, E and Team, ASDEX Upgrade and Team, COMPASS and Contributors, JET and Team, The EUROfusion MST},
title = {{Recent progress towards a quantitative description of filamentary SOL transport}},
journal = {Nucl. Fusion},
year = {2017},
volume = {57},
number = {5},
pages = {056044}
}

@article{Carralero:2015gu,
author = {Carralero, D and Manz, P and Aho-Mantila, L and Birkenmeier, G and Brix, M and Groth, M and M{\"u}ller, H W and Stroth, U and Vianello, N and Wolfrum, E and {ASDEX Upgrade Team} and {JET Contributors} and {EUROfusion MST1 Team}},
title = {{Experimental Validation of a Filament Transport Model in Turbulent Magnetized Plasmas}},
journal = {Phys. Rev. Lett.},
year = {2015},
volume = {115},
number = {21},
pages = {215002}
}

@article{Militello:2016hk,
author = {Militello, F and Garzotti, L and Harrison, J and Omotani, J T and Scannell, R and Allan, S and Kirk, A and Lupelli, I and Thornton, A J and team, the MAST},
title = {{Characterisation of the L-mode scrape off layer in MAST: decay lengths}},
journal = {Nucl. Fusion},
year = {2016},
volume = {56},
number = {1},
pages = {016006}
}

@article{Muller:2015jt,
author = {M{\"u}ller, H W and Bernert, M and Carralero, D and Kallenbach, A and Kurzan, B and Scarabosio, A and Sieglin, B and Toph{\o}j, L and Vianello, N and Wolfrum, E},
title = {{Far scrape-off layer particle and heat fluxes in high density {\textendash} High power scenarios}},
journal = {Journ of Nucl. Mater.},
year = {2015},
volume = {463},
pages = {739--743}
}

@article{LaBombard:2001ks,
author = {LaBombard, B and Boivin, R L and Greenwald, M and Hughes, J and Lipschultz, B and Mossessian, D and Pitcher, C S and Terry, J L and Zweben, S J and Alcator Group},
title = {{Particle transport in the scrape-off layer and its relationship to discharge density limit in Alcator C-Mod}},
journal = {Phys. Plasmas },
year = {2001},
volume = {8},
number = {5},
pages = {2107}
}

@article{bernert2014h,
  title={{The H-mode density limit in the full tungsten ASDEX Upgrade tokamak}}, 
  author={Bernert, M and Eich, T and Kallenbach, A and Carralero, D and Huber, A and Lang, PT and Potzel, S and Reimold, F and Schweinzer, J and Viezzer, E and others},
  journal={Plasma Phys. Control. Fus.},
  volume={57},
  pages={014038},
  year={2014}
}


@article{Wynn:2018gp,
author = {Wynn, A and Lipschultz, B and Cziegler, I and Harrison, J and Jaervinen, A and Matthews, G F and Schmitz, J and Tal, B and Brix, M and Guillemaut, C and Frigione, D and Huber, A and Joffrin, E and Kruzei, U and Militello, F and Nielsen, A and Walkden, N R and Wiesen, S and Contributors, JET},
title = {{Investigation into the formation of the scrape-off layer density shoulder in JET ITER-like wall L-mode and H-mode plasmas}},
journal = {Nuclear Fusion},
year = {2018},
volume = {58},
number = {5},
pages = {056001},
month = may
}

@article{Eich:2018dv,
author = {Eich, T and Goldston, R J and Kallenbach, A and Sieglin, B and Sun, H J and Team, ASDEX Upgrade and Contributors, JET},
title = {{Correlation of the tokamak H-mode density limit with ballooning stability at the separatrix}},
journal = {Nuclear Fusion},
year = {2018},
volume = {58},
number = {3},
pages = {034001}
}

